@book{Jansen2020MachinePython,
    title = {{Machine Learning for Algorithmic Trading: Predictive Models to Extract Signals from Market and Alternative Data for Systematic Trading Strategies with Python}},
    year = {2020},
    booktitle = {Packt Publishing},
    author = {Jansen, Stefan},
    edition = {2nd},
    publisher = {Packt Publishing},
    isbn = {9781839217715}
}

@article{Carapuco2018ReinforcementTrading,
    title = {{Reinforcement Learning applied to Forex Trading}},
    year = {2018},
    journal = {Applied Soft Computing Journal},
    author = {Carapu{\c{c}}o, Jo√£o and Neves, Rui and Horta, Nuno},
    volume = {73},
    doi = {10.1016/j.asoc.2018.09.017},
    issn = {15684946}
}